<?xml version="1.0" encoding="UTF-8"?><collection xmlns="http://www.loc.gov/MARC21/slim"><record><leader>00377nam--2200121-i-4500</leader><controlfield tag="001">000024253</controlfield><controlfield tag="002">20161230</controlfield><controlfield tag="005">20161230201035</controlfield><controlfield tag="008">060222s1000------------r-----000-0-eng-d</controlfield><datafield ind1=" " ind2=" " tag="080"><subfield code="a">621.039.74:550.4</subfield></datafield><datafield ind1=" " ind2=" " tag="245"><subfield code="a">Evacuation des dechets radioactifs dans les formations geologiques.processus geochimiques</subfield></datafield><datafield ind1=" " ind2=" " tag="260"><subfield code="a">Paris, Agence Pour L`Energie Nucleaire, 1982. 156p</subfield></datafield><datafield ind1=" " ind2=" " tag="852"><subfield code="a">71242</subfield></datafield></record></collection>